<record><leader>00000cas a2200000 a 4500</leader><controlfield tag="001">9690957</controlfield><controlfield tag="008">830711c18659999txudr ne      0   a0eng c</controlfield><datafield ind1=" " ind2=" " tag="010"><subfield code="a">sn 83008047 </subfield></datafield><datafield ind1=" " ind2=" " tag="040"><subfield code="a">NSD</subfield><subfield code="b">eng</subfield><subfield code="c">NSD</subfield><subfield code="d">DLC</subfield><subfield code="d">NPT</subfield><subfield code="d">PPM</subfield><subfield code="d">DLC</subfield><subfield code="d">OCL</subfield><subfield code="d">DLC</subfield><subfield code="d">OCL</subfield><subfield code="d">CNK</subfield><subfield code="d">MGN</subfield><subfield code="d">CNW</subfield><subfield code="d">OCL</subfield><subfield code="d">NVK</subfield><subfield code="d">OBN</subfield><subfield code="d">TGN</subfield><subfield code="d">CRL</subfield><subfield code="d">CVF</subfield><subfield code="d">OCLCQ</subfield><subfield code="d">DLC</subfield><subfield code="d">OCLCQ</subfield><subfield code="d">CUI</subfield><subfield code="d">OCLCQ</subfield><subfield code="d">OCLCF</subfield></datafield><datafield ind1=" " ind2=" " tag="012"><subfield code="l">1</subfield><subfield code="m">1</subfield></datafield><datafield ind1=" " ind2=" " tag="019"><subfield code="a">10341827</subfield><subfield code="a">15724706</subfield><subfield code="a">228692648</subfield></datafield><datafield ind1="1" ind2=" " tag="022"><subfield code="a">0738-8047</subfield><subfield code="l">0738-8047</subfield><subfield code="2">1</subfield></datafield><datafield ind1="1" ind2=" " tag="029"><subfield code="a">AU@</subfield><subfield code="b">000020290486</subfield></datafield><datafield ind1=" " ind2=" " tag="032"><subfield code="a">213400</subfield><subfield code="b">USPS</subfield></datafield><datafield ind1=" " ind2=" " tag="042"><subfield code="a">nsdp</subfield><subfield code="a">pcc</subfield></datafield><datafield ind1=" " ind2=" " tag="043"><subfield code="a">n-us-tx</subfield></datafield><datafield ind1="0" ind2="0" tag="050"><subfield code="a">Newspaper</subfield></datafield><datafield ind1=" " ind2="4" tag="050"><subfield code="a">AN</subfield></datafield><datafield ind1=" " ind2="4" tag="222"><subfield code="a">The Galveston daily news</subfield></datafield><datafield ind1="0" ind2="4" tag="245"><subfield code="a">The Galveston daily news.</subfield></datafield><datafield ind1="1" ind2=" " tag="246"><subfield code="i">Issues for Dec. 25, 1964-June 30, 1965 have title:</subfield><subfield code="a">Galveston news tribune</subfield></datafield><datafield ind1="3" ind2=" " tag="246"><subfield code="a">Galveston news</subfield></datafield><datafield ind1=" " ind2=" " tag="260"><subfield code="a">Houston [Tex.] :</subfield><subfield code="b">W. Richardson</subfield></datafield><datafield ind1=" " ind2=" " tag="300"><subfield code="a">v. ;</subfield><subfield code="c">46-66 cm.</subfield></datafield><datafield ind1=" " ind2=" " tag="310"><subfield code="a">Daily,</subfield><subfield code="b">Mar. 26, 1883-</subfield></datafield><datafield ind1=" " ind2=" " tag="321"><subfield code="a">Daily (except Monday),</subfield><subfield code="b">&lt;Feb. 21, 1865&gt;-Mar. 25, 1883</subfield></datafield><datafield ind1="1" ind2=" " tag="362"><subfield code="a">Began in 1865.</subfield></datafield><datafield ind1=" " ind2=" " tag="500"><subfield code="a">Published in Galveston, Tex., Mar. 23, 1866-</subfield></datafield><datafield ind1=" " ind2=" " tag="530"><subfield code="a">Also issued on microfilm from Norman Ross, and the Library of Congress, Photoduplication Service.</subfield></datafield><datafield ind1=" " ind2=" " tag="580"><subfield code="a">Also published in a weekly ed.: Galveston weekly news, Feb. 1865-1893; semiweekly eds.: Galveston semi-weekly news, Jan. 15, 1894-Sept. 28, 1908; and: Semi-weekly farm news (Galveston, Tex. : 1908), Oct. 1, 1908- ; and a triweekly ed.: Galveston tri-weekly news, Feb. 1865-1873.</subfield></datafield><datafield ind1=" " ind2=" " tag="588"><subfield code="a">Description based on: Vol. 1, no. 126 (Feb. 21, 1865).</subfield></datafield><datafield ind1=" " ind2="0" tag="651"><subfield code="a">Galveston (Tex.)</subfield><subfield code="v">Newspapers.</subfield></datafield><datafield ind1=" " ind2="0" tag="651"><subfield code="a">Houston (Tex.)</subfield><subfield code="v">Newspapers.</subfield></datafield><datafield ind1=" " ind2="0" tag="651"><subfield code="a">Galveston County (Tex.)</subfield><subfield code="v">Newspapers.</subfield></datafield><datafield ind1=" " ind2="0" tag="651"><subfield code="a">Harris County (Tex.)</subfield><subfield code="v">Newspapers.</subfield></datafield><datafield ind1=" " ind2="7" tag="655"><subfield code="a">Newspapers.</subfield><subfield code="2">fast</subfield><subfield code="0">(OCoLC)fst01423814</subfield></datafield><datafield ind1=" " ind2="7" tag="651"><subfield code="a">Texas</subfield><subfield code="z">Galveston.</subfield><subfield code="2">fast</subfield><subfield code="0">(OCoLC)fst01212106</subfield></datafield><datafield ind1=" " ind2="7" tag="651"><subfield code="a">Texas</subfield><subfield code="z">Galveston County.</subfield><subfield code="2">fast</subfield><subfield code="0">(OCoLC)fst01207158</subfield></datafield><datafield ind1=" " ind2="7" tag="651"><subfield code="a">Texas</subfield><subfield code="z">Harris County.</subfield><subfield code="2">fast</subfield><subfield code="0">(OCoLC)fst01213346</subfield></datafield><datafield ind1=" " ind2="7" tag="651"><subfield code="a">Texas</subfield><subfield code="z">Houston.</subfield><subfield code="2">fast</subfield><subfield code="0">(OCoLC)fst01205077</subfield></datafield><datafield ind1=" " ind2=" " tag="752"><subfield code="a">United States</subfield><subfield code="b">Texas</subfield><subfield code="c">Galveston</subfield><subfield code="d">Galveston.</subfield></datafield><datafield ind1=" " ind2=" " tag="752"><subfield code="a">United States</subfield><subfield code="b">Texas</subfield><subfield code="c">Harris</subfield><subfield code="d">Houston.</subfield></datafield><datafield ind1="1" ind2=" " tag="775"><subfield code="t">Galveston weekly news</subfield><subfield code="w">(DLC)sn 83025732</subfield><subfield code="w">(OCoLC)9787951</subfield></datafield><datafield ind1="1" ind2=" " tag="775"><subfield code="t">Galveston semi-weekly news</subfield><subfield code="w">(DLC)sn 86088178</subfield><subfield code="w">(OCoLC)13942638</subfield></datafield><datafield ind1="1" ind2=" " tag="775"><subfield code="t">Semi-weekly farm news (Galveston, Tex. : 1908)</subfield><subfield code="w">(DLC)sn 86088179</subfield><subfield code="w">(OCoLC)13943644</subfield></datafield><datafield ind1="1" ind2=" " tag="775"><subfield code="t">Galveston tri-weekly news</subfield><subfield code="w">(DLC)sn 86071187</subfield><subfield code="w">(OCoLC)13243097</subfield></datafield><datafield ind1="0" ind2="8" tag="776"><subfield code="i">Online version:</subfield><subfield code="t">Galveston Daily News</subfield><subfield code="x">0738-8047</subfield><subfield code="w">(OCoLC)192107297</subfield></datafield><datafield ind1="0" ind2="0" tag="780"><subfield code="t">News bulletin (Houston, Tex.)</subfield><subfield code="w">(DLC)sn 84022298</subfield><subfield code="w">(OCoLC)10353770</subfield></datafield><datafield ind1="0" ind2="5" tag="780"><subfield code="t">Galveston tribune</subfield><subfield code="g">Jan. 1965</subfield><subfield code="w">(DLC)sn 85038591</subfield><subfield code="w">(OCoLC)12793113</subfield></datafield></record>